<?xml version="1.0" encoding="UTF-8"?><collection xmlns="http://www.loc.gov/MARC21/slim"><record><leader>00371nam--2200145-i-4500</leader><controlfield tag="001">000006203</controlfield><controlfield tag="002">20161230</controlfield><controlfield tag="005">20170114003218</controlfield><controlfield tag="008">060222s1000------------r-----000-0-eng-d</controlfield><datafield ind1=" " ind2=" " tag="100"><subfield code="a">Charon, Jean E</subfield></datafield><datafield ind1=" " ind2=" " tag="245"><subfield code="a">Elements d une theorie unitaire d univers</subfield></datafield><datafield ind1=" " ind2=" " tag="260"><subfield code="a">Geneve</subfield><subfield code="b">Editions R.Kister</subfield><subfield code="c">1962</subfield></datafield><datafield ind1=" " ind2=" " tag="300"><subfield code="a">XV+181 p</subfield></datafield><datafield ind1=" " ind2=" " tag="852"><subfield code="a">18446</subfield></datafield><datafield ind1=" " ind2=" " tag="CAT"><subfield code="a">SYS</subfield><subfield code="c">20170114</subfield><subfield code="h">003218</subfield></datafield></record></collection>